@inproceedings{schmitt2016bag,
  title={A bag-of-audio-words approach for snore sounds' excitation localisation},
  author={Schmitt, Maximilian and Janott, Christoph and Pandit, Vedhas and Qian, Kun and Heiser, Clemens and Hemmert, Werner and Schuller, Bj{\"o}rn},
  booktitle={Speech Communication; 12. ITG Symposium},
  pages={1--5},
  year={2016},
  organization={VDE}
}
@article{bouserhal2018classification,
  title={Classification of nonverbal human produced audio events: a pilot study},
  author={Bouserhal, Rachel E and Chabot, Philippe and Sarria-Paja, Milton and Cardinal, Patrick and Voix, J{\'e}r{\'e}mie},
  year={2018},
  publisher={International Speech Communication Association}
}
@article{aguirre2017desarrollo,
  title={Desarrollo y an{\'a}lisis de clasificadores de se{\~n}ales de audio},
  author={Aguirre Mart{\'\i}n, Fabi{\'a}n and others},
  year={2017},
  publisher={Universitat Polit{\`e}cnica de Val{\`e}ncia}
}
@article{chachada2014environmental,
  title={Environmental sound recognition: A survey},
  author={Chachada, Sachin and Kuo, C-C Jay},
  journal={APSIPA Transactions on Signal and Information Processing},
  volume={3},
  pages={e14},
  year={2014},
  publisher={Cambridge University Press}
}
@article{rodriguez2020clasificacion,
  title={Clasificaci{\'o}n autom{\'a}tica de sonidos utilizando aprendizaje m{\'a}quina},
  author={Rodr{\'\i}guez Ram{\'\i}rez, Patricio},
  year={2020}
}
@article{salgado2019reconocimiento,
  title={Reconocimiento autom{\'a}tico de instrumentos mediante aprendizaje m{\'a}quina},
  author={Salgado D{\'\i}az del R{\'\i}o, Aurora},
  year={2019}
}

@article{rodriguezeliminacion,
  title={Eliminaci{\'o}n de ruido en sonidos card{\i}acos mediante t{\'e}cnicas de aprendizaje profundo},
  author={Rodr{\i}guez, Crist{\'o}bal Gonz{\'a}lez and Ar{\'e}valo, Miguel A Alonso and Canseco, Elo{\i}sa Garc{\i}a}
}
@article{gomez2023clasificacion,
  title={CLASIFICACI{\'O}N DE VOCES A TRAV{\'E}S DE SERIES DE FOURIER Y REDES NEURONALES},
  author={Gomez Martin, Mercedes and others},
  year={2023},
  publisher={Universidad Rey Juan Carlos}
}

% Ejemplos
@article{einstein,
  author =       "Albert Einstein",
  title =        "{Zur Elektrodynamik bewegter K{\"o}rper}. ({German})
                 [{On} the electrodynamics of moving bodies]",
  journal =      "Annalen der Physik",
  volume =       "322",
  number =       "10",
  pages =        "891--921",
  year =         "1905",
  DOI =          "http://dx.doi.org/10.1002/andp.19053221004",
  keywords =     "physics"
}

@book{dirac,
  title={The Principles of Quantum Mechanics},
  author={Paul Adrien Maurice Dirac},
  isbn={9780198520115},
  series={International series of monographs on physics},
  year={1981},
  publisher={Clarendon Press},
  keywords = {physics}
}

@book{latexcompanion,
    author    = "Michel Goossens and Frank Mittelbach and Alexander Samarin",
    title     = "The \LaTeX\ Companion",
    year      = "1993",
    publisher = "Addison-Wesley",
    address   = "Reading, Massachusetts",
    keywords  = "latex"
}
 
@online{overleafwebsite,
    author    = "Â©2022 Overleaf",
    title     = "Font sizes, families, and styles",
    url       = "https://es.overleaf.com/learn/latex/Font_sizes%2C_families%2C_and_styles",
    keywords  = "latex,fonts"
}

@inbook{knuth-fa,
   author = "Donald E. Knuth",
   title = "Fundamental Algorithms",
   publisher = "Addison-Wesley",
   year = "1973",
   chapter = "1.2",
   keywords  = "knuth,programming"
}

@book{knuth-acp,
   author = "Donald E. Knuth",
   publisher = "Addison-Wesley",
   title = "The Art of Computer Programming",
   series = "Four volumes",
   year = "1968",
   note = "Seven volumes planned",
   keywords  = "knuth,programming"
}

@article{ctan,
    author  = "George D. Greenwade",
    title   = "The {C}omprehensive {T}ex {A}rchive {N}etwork ({CTAN})",
    year    = "1993",
    journal = "TUGBoat",
    volume  = "14",
    number  = "3",
    pages   = "342--351",
    keywords  = "latex"
}

